@book{russell2016artificial,
  title={Artificial intelligence: a modern approach},
  author={Russell, Stuart J and Norvig, Peter},
  year={2016},
  publisher={Malaysia; Pearson Education Limited,}
}

@article{gao2016incentivizing,
  title={Incentivizing evaluation via limited access to ground truth: Peer-prediction makes things worse},
  author={Gao, Alice and Wright, James R and Leyton-Brown, Kevin},
  journal={arXiv preprint arXiv:1606.07042},
  year={2016}
}

@inproceedings{gao2014trick,
  title={Trick or treat: putting peer prediction to the test},
  author={Gao, Xi Alice and Mao, Andrew and Chen, Yiling and Adams, Ryan Prescott},
  booktitle={Proceedings of the fifteenth ACM conference on Economics and computation},
  pages={507--524},
  year={2014},
  organization={ACM}
}

@book{SS14,
  title = {Understanding Machine Learning: From Theory to Algorithms},
  author = {Shai Shalev-Shwartz and Shai Ben-David},
  publisher = {Cambridge University Press},
  year = {2014},
}

@article{Block62,
  title        = {The perceptron: A model for brain functioning},
  author       = {H. D. Block},  
  journal      = {Reviews of Modern Physics},  
  volume       = {34},
  number       = {1},
  pages        = {123--135},
  year         = {1962},  
}

@inproceedings{Novikoff62,
  title        = {On Convergence proofs for perceptrons},
  author       = {A. Novikoff},  
  booktitle    = {Symposium on Mathematical Theory of Automata},  
  pages        = {615--622},
  year         = {1962},  
}

@article{DeepBlue,
  title={Deep blue},
  author={Campbell, Murray and Hoane Jr, A Joseph and Hsu, Feng-hsiung},
  journal={Artificial intelligence},
  volume={134},
  number={1-2},
  pages={57--83},
  year={2002},
  publisher={Elsevier}
}


@misc{deepblueshistory,
  title = {How AI Has Advanced Since Conquering Chess},
  author = {L. Greenemeier},
  howpublished = {https://www.scientificamerican.com/article/20-years-after-deep-blue-how-ai-has-advanced-since-conquering-chess/},
  year = {2017},
}


@article {thrun,
  title        = {Learning To Play the Game of Chess},
  author       = {Sebastian Thrun},  
  journal      = {Advances in neural information processing systems},  
  pages        = {1069--1076},
  year         = {1995},  
}

@inproceedings{banditmcts,
  title={Bandit based monte-carlo planning},
  author={Kocsis, Levente and Szepesv{\'a}ri, Csaba},
  booktitle={European conference on machine learning},
  pages={282--293},
  year={2006},
  organization={Springer}
}

@inproceedings{deepchess,
  title={Deepchess: End-to-end deep neural network for automatic learning in chess},
  author={David, Omid E and Netanyahu, Nathan S and Wolf, Lior},
  booktitle={International Conference on Artificial Neural Networks},
  pages={88--96},
  year={2016},
  organization={Springer}
}

@article{alphago2016,
  title={Mastering the game of Go with deep neural networks and tree search},
  author={Silver, David and Huang, Aja and Maddison, Chris J and Guez, Arthur and Sifre, Laurent and Van Den Driessche, George and Schrittwieser, Julian and Antonoglou, Ioannis and Panneershelvam, Veda and Lanctot, Marc and others},
  journal={nature},
  volume={529},
  number={7587},
  pages={484--489},
  year={2016},
  publisher={Nature Publishing Group}
}

@article{alphazero2018,
  title={A general reinforcement learning algorithm that masters chess, shogi, and Go through self-play},
  author={Silver, David and Hubert, Thomas and Schrittwieser, Julian and Antonoglou, Ioannis and Lai, Matthew and Guez, Arthur and Lanctot, Marc and Sifre, Laurent and Kumaran, Dharshan and Graepel, Thore and others},
  journal={Science},
  volume={362},
  number={6419},
  pages={1140--1144},
  year={2018},
  publisher={American Association for the Advancement of Science}
}

@article{rosin2011multi,
  title={Multi-armed bandits with episode context},
  author={Rosin, Christopher D},
  journal={Annals of Mathematics and Artificial Intelligence},
  volume={61},
  number={3},
  pages={203--230},
  year={2011},
  publisher={Springer}
}

@inproceedings{bastani2018verifiable,
  title={Verifiable reinforcement learning via policy extraction},
  author={Bastani, Osbert and Pu, Yewen and Solar-Lezama, Armando},
  booktitle={Advances in neural information processing systems},
  pages={2494--2504},
  year={2018}
}

@inproceedings{huang2017densely,
  title={Densely connected convolutional networks},
  author={Huang, Gao and Liu, Zhuang and Van Der Maaten, Laurens and Weinberger, Kilian Q},
  booktitle={Proceedings of the IEEE conference on computer vision and pattern recognition},
  pages={4700--4708},
  year={2017}
}

@misc{tensorflow2015,
title={{TensorFlow}: Large-Scale Machine Learning on Heterogeneous Systems},
url={http://tensorflow.org/},
note={Software available from tensorflow.org},
author={
    Mart\'{\i}n~Abadi and
    Ashish~Agarwal and
    Paul~Barham and
    Eugene~Brevdo and
    Zhifeng~Chen and
    Craig~Citro and
    Greg~S.~Corrado and
    Andy~Davis and
    Jeffrey~Dean and
    Matthieu~Devin and
    Sanjay~Ghemawat and
    Ian~Goodfellow and
    Andrew~Harp and
    Geoffrey~Irving and
    Michael~Isard and
    Yangqing Jia and
    Rafal~Jozefowicz and
    Lukasz~Kaiser and
    Manjunath~Kudlur and
    Josh~Levenberg and
    Dan~Man\'{e} and
    Rajat~Monga and
    Sherry~Moore and
    Derek~Murray and
    Chris~Olah and
    Mike~Schuster and
    Jonathon~Shlens and
    Benoit~Steiner and
    Ilya~Sutskever and
    Kunal~Talwar and
    Paul~Tucker and
    Vincent~Vanhoucke and
    Vijay~Vasudevan and
    Fernanda~Vi\'{e}gas and
    Oriol~Vinyals and
    Pete~Warden and
    Martin~Wattenberg and
    Martin~Wicke and
    Yuan~Yu and
    Xiaoqiang~Zheng},
  year={2015},
}

@inproceedings{haworth2009performance,
  title={Performance and prediction: Bayesian modelling of fallible choice in chess},
  author={Haworth, Guy and Regan, Ken and Di Fatta, Giuseppe},
  booktitle={Advances in computer games},
  pages={99--110},
  year={2009},
  organization={Springer}
}

@Article{         harris2020array,
 title         = {Array programming with {NumPy}},
 author        = {Charles R. Harris and K. Jarrod Millman and St{'{e}}fan J.
                 van der Walt and Ralf Gommers and Pauli Virtanen and David
                 Cournapeau and Eric Wieser and Julian Taylor and Sebastian
                 Berg and Nathaniel J. Smith and Robert Kern and Matti Picus
                 and Stephan Hoyer and Marten H. van Kerkwijk and Matthew
                 Brett and Allan Haldane and Jaime Fern{'{a}}ndez del
                 R{'{\i}}o and Mark Wiebe and Pearu Peterson and Pierre
                 G{'{e}}rard-Marchant and Kevin Sheppard and Tyler Reddy and
                 Warren Weckesser and Hameer Abbasi and Christoph Gohlke and
                 Travis E. Oliphant},
 year          = {2020},
 month         = sep,
 journal       = {Nature},
 volume        = {585},
 number        = {7825},
 pages         = {357--362},
 doi           = {10.1038/s41586-020-2649-2},
 publisher     = {Springer Science and Business Media {LLC}},
 url           = {https://doi.org/10.1038/s41586-020-2649-2}
}

@book{just2003united,
  title={United States Chess Federation's Official Rules of Chess},
  author={Just, Tim and Burg, Daniel B},
  year={2003},
  publisher={Random House Incorporated}
}

@article{elo20088,
  title={8.4 Logistic Probability as a Rating Basis},
  author={Elo, Arpad E},
  journal={The Rating of Chessplayers, Past\&Present. Bronx NY},
  volume={10453},
  year={2008}
}