@book{russell2016artificial,
  title={Artificial intelligence: a modern approach},
  author={Russell, Stuart J and Norvig, Peter},
  year={2016},
  publisher={Malaysia; Pearson Education Limited,}
}

@article{gao2016incentivizing,
  title={Incentivizing evaluation via limited access to ground truth: Peer-prediction makes things worse},
  author={Gao, Alice and Wright, James R and Leyton-Brown, Kevin},
  journal={arXiv preprint arXiv:1606.07042},
  year={2016}
}

@inproceedings{gao2014trick,
  title={Trick or treat: putting peer prediction to the test},
  author={Gao, Xi Alice and Mao, Andrew and Chen, Yiling and Adams, Ryan Prescott},
  booktitle={Proceedings of the fifteenth ACM conference on Economics and computation},
  pages={507--524},
  year={2014},
  organization={ACM}
}

@book{SS14,
  title = {Understanding Machine Learning: From Theory to Algorithms},
  author = {Shai Shalev-Shwartz and Shai Ben-David},
  publisher = {Cambridge University Press},
  year = {2014},
}

@article{Block62,
  title        = {The perceptron: A model for brain functioning},
  author       = {H. D. Block},  
  journal      = {Reviews of Modern Physics},  
  volume       = {34},
  number       = {1},
  pages        = {123--135},
  year         = {1962},  
}

@inproceedings{Novikoff62,
  title        = {On Convergence proofs for perceptrons},
  author       = {A. Novikoff},  
  booktitle    = {Symposium on Mathematical Theory of Automata},  
  pages        = {615--622},
  year         = {1962},  
}

@article{DeepBlue,
  title={Deep blue},
  author={Campbell, Murray and Hoane Jr, A Joseph and Hsu, Feng-hsiung},
  journal={Artificial intelligence},
  volume={134},
  number={1-2},
  pages={57--83},
  year={2002},
  publisher={Elsevier}
}


@misc{deepblueshistory,
  title = {How AI Has Advanced Since Conquering Chess},
  author = {L. Greenemeier},
  howpublished = {https://www.scientificamerican.com/article/20-years-after-deep-blue-how-ai-has-advanced-since-conquering-chess/},
  year = {2017},
}


@article {thrun,
  title        = {Learning To Play the Game of Chess},
  author       = {Sebastian Thrun},  
  journal      = {Advances in neural information processing systems},  
  pages        = {1069--1076},
  year         = {1995},  
}

@inproceedings{banditmcts,
  title={Bandit based monte-carlo planning},
  author={Kocsis, Levente and Szepesv{\'a}ri, Csaba},
  booktitle={European conference on machine learning},
  pages={282--293},
  year={2006},
  organization={Springer}
}

@inproceedings{deepchess,
  title={Deepchess: End-to-end deep neural network for automatic learning in chess},
  author={David, Omid E and Netanyahu, Nathan S and Wolf, Lior},
  booktitle={International Conference on Artificial Neural Networks},
  pages={88--96},
  year={2016},
  organization={Springer}
}

@article{alphago2016,
  title={Mastering the game of Go with deep neural networks and tree search},
  author={Silver, David and Huang, Aja and Maddison, Chris J and Guez, Arthur and Sifre, Laurent and Van Den Driessche, George and Schrittwieser, Julian and Antonoglou, Ioannis and Panneershelvam, Veda and Lanctot, Marc and others},
  journal={nature},
  volume={529},
  number={7587},
  pages={484--489},
  year={2016},
  publisher={Nature Publishing Group}
}

@article{alphazero2018,
  title={A general reinforcement learning algorithm that masters chess, shogi, and Go through self-play},
  author={Silver, David and Hubert, Thomas and Schrittwieser, Julian and Antonoglou, Ioannis and Lai, Matthew and Guez, Arthur and Lanctot, Marc and Sifre, Laurent and Kumaran, Dharshan and Graepel, Thore and others},
  journal={Science},
  volume={362},
  number={6419},
  pages={1140--1144},
  year={2018},
  publisher={American Association for the Advancement of Science}
}